<record><leader>00000cas a22000007a 4500</leader><controlfield tag="001">38794215</controlfield><controlfield tag="008">980321d191u1951tnuwr ne      0    0eng d</controlfield><datafield ind1=" " ind2=" " tag="010"><subfield code="a">sn 98069755 </subfield></datafield><datafield ind1=" " ind2=" " tag="040"><subfield code="a">TGN</subfield><subfield code="b">eng</subfield><subfield code="c">TGN</subfield><subfield code="d">OCLCQ</subfield><subfield code="d">OCLCF</subfield><subfield code="d">OCLCO</subfield></datafield><datafield ind1="1" ind2=" " tag="029"><subfield code="a">AU@</subfield><subfield code="b">000013798310</subfield></datafield><datafield ind1=" " ind2=" " tag="042"><subfield code="a">msc</subfield></datafield><datafield ind1=" " ind2=" " tag="043"><subfield code="a">n-us-tn</subfield></datafield><datafield ind1="0" ind2=" " tag="130"><subfield code="a">Johnson County news (Mountain City, Tenn.)</subfield></datafield><datafield ind1="1" ind2="0" tag="245"><subfield code="a">Johnson County news.</subfield></datafield><datafield ind1=" " ind2=" " tag="260"><subfield code="a">Mountain City, Tenn. :</subfield><subfield code="b">Wallace Barry,</subfield><subfield code="c">-1951.</subfield></datafield><datafield ind1=" " ind2=" " tag="300"><subfield code="a">v.</subfield></datafield><datafield ind1=" " ind2=" " tag="310"><subfield code="a">Weekly</subfield></datafield><datafield ind1="0" ind2=" " tag="362"><subfield code="a">-v. 36, no. 41 (Apr. 26, 1951).</subfield></datafield><datafield ind1=" " ind2=" " tag="500"><subfield code="a">Publishers: Wallace Barry, &lt;1918-1925&gt;; E.E. Barry, &lt;1934-1939&gt;; D.J. Christy &lt;1943&gt;; D.M. Spurgeon, 1943-1951.</subfield></datafield><datafield ind1=" " ind2=" " tag="500"><subfield code="a">Editors: E.E. Barry, &lt;1918-1939&gt;; J.N. Blackburn, &lt;1943&gt;; D.M. Spurgeon, 1943-1951.</subfield></datafield><datafield ind1=" " ind2=" " tag="580"><subfield code="a">Merged with: Johnson County bulletin, to form: Johnson County news-bulletin.</subfield></datafield><datafield ind1=" " ind2=" " tag="588"><subfield code="a">Description based on: Vol. 3, no. 45 (Feb. 20, 1918).</subfield></datafield><datafield ind1=" " ind2="0" tag="651"><subfield code="a">Mountain City (Tenn.)</subfield><subfield code="v">Newspapers.</subfield></datafield><datafield ind1=" " ind2="0" tag="651"><subfield code="a">Johnson County (Tenn.)</subfield><subfield code="v">Newspapers.</subfield></datafield><datafield ind1=" " ind2="7" tag="655"><subfield code="a">Newspapers.</subfield><subfield code="2">fast</subfield><subfield code="0">(OCoLC)fst01423814</subfield></datafield><datafield ind1=" " ind2="7" tag="651"><subfield code="a">Tennessee</subfield><subfield code="z">Johnson County.</subfield><subfield code="2">fast</subfield><subfield code="0">(OCoLC)fst01208944</subfield></datafield><datafield ind1=" " ind2="7" tag="651"><subfield code="a">Tennessee</subfield><subfield code="z">Mountain City.</subfield><subfield code="2">fast</subfield><subfield code="0">(OCoLC)fst01226847</subfield></datafield><datafield ind1=" " ind2=" " tag="752"><subfield code="a">United States</subfield><subfield code="b">Tennessee</subfield><subfield code="c">Johnson</subfield><subfield code="d">Mountain City.</subfield></datafield><datafield ind1="1" ind2="7" tag="785"><subfield code="t">Johnson County bulletin</subfield><subfield code="w">(DLC)sn 98069756</subfield></datafield><datafield ind1="1" ind2="7" tag="785"><subfield code="t">Johnson County news-bulletin</subfield><subfield code="w">(DLC)sn 98069757</subfield></datafield></record>